<record><leader>00000cas a2200000 a 4500</leader><controlfield tag="001">55793843</controlfield><controlfield tag="008">040630c20019999oruwr ne      0    0eng c</controlfield><datafield ind1=" " ind2=" " tag="010"><subfield code="a">  2004260356</subfield></datafield><datafield ind1=" " ind2=" " tag="040"><subfield code="a">ORU</subfield><subfield code="b">eng</subfield><subfield code="c">ORU</subfield><subfield code="d">OCLCQ</subfield><subfield code="d">OCLCF</subfield><subfield code="d">OCLCO</subfield></datafield><datafield ind1="1" ind2=" " tag="029"><subfield code="a">AU@</subfield><subfield code="b">000025951291</subfield></datafield><datafield ind1=" " ind2=" " tag="042"><subfield code="a">pcc</subfield></datafield><datafield ind1=" " ind2=" " tag="043"><subfield code="a">n-us-or</subfield></datafield><datafield ind1="0" ind2=" " tag="130"><subfield code="a">Valley herald (Milton-Freewater, Or. : 2001)</subfield></datafield><datafield ind1="1" ind2="0" tag="245"><subfield code="a">Valley herald.</subfield></datafield><datafield ind1=" " ind2=" " tag="260"><subfield code="a">Milton-Freewater, OR :</subfield><subfield code="b">S. Widmer,</subfield><subfield code="c">2001-</subfield></datafield><datafield ind1=" " ind2=" " tag="300"><subfield code="a">v. :</subfield><subfield code="b">ill. ;</subfield><subfield code="c">59 cm.</subfield></datafield><datafield ind1=" " ind2=" " tag="310"><subfield code="a">Weekly</subfield></datafield><datafield ind1="0" ind2=" " tag="362"><subfield code="a">Dec. 7, 2001-</subfield></datafield><datafield ind1=" " ind2=" " tag="530"><subfield code="a">Available on microfilm from University of Oregon.</subfield></datafield><datafield ind1=" " ind2=" " tag="588"><subfield code="a">Latest issue consulted: May 28, 2004.</subfield></datafield><datafield ind1=" " ind2="0" tag="651"><subfield code="a">Milton-Freewater (Or.)</subfield><subfield code="v">Newspapers.</subfield></datafield><datafield ind1=" " ind2="7" tag="655"><subfield code="a">Newspapers.</subfield><subfield code="2">fast</subfield><subfield code="0">(OCoLC)fst01423814</subfield></datafield><datafield ind1=" " ind2="7" tag="651"><subfield code="a">Oregon</subfield><subfield code="z">Milton-Freewater.</subfield><subfield code="2">fast</subfield><subfield code="0">(OCoLC)fst01221459</subfield></datafield><datafield ind1=" " ind2=" " tag="752"><subfield code="a">United States</subfield><subfield code="b">Oregon</subfield><subfield code="c">Umatilla</subfield><subfield code="d">Milton-Freewater.</subfield></datafield><datafield ind1="0" ind2="0" tag="780"><subfield code="t">Valley times (Milton-Freewater, Or.)</subfield><subfield code="w">(DLC)sn 97058252</subfield><subfield code="w">(OCoLC)37220199</subfield></datafield></record>